<record><leader>00000cas a22000007a 4500</leader><controlfield tag="001">12192760</controlfield><controlfield tag="008">850624d19011946njuwr ne      0    0eng d</controlfield><datafield ind1=" " ind2=" " tag="010"><subfield code="a">sn 85035654 </subfield></datafield><datafield ind1=" " ind2=" " tag="040"><subfield code="a">NPA</subfield><subfield code="b">eng</subfield><subfield code="c">NPA</subfield><subfield code="d">NJW</subfield><subfield code="d">OCLCQ</subfield></datafield><datafield ind1=" " ind2=" " tag="042"><subfield code="a">msc</subfield></datafield><datafield ind1="0" ind2=" " tag="130"><subfield code="a">State centre-record (Bound Brook, N.J.)</subfield></datafield><datafield ind1="1" ind2="0" tag="245"><subfield code="a">State centre-record.</subfield></datafield><datafield ind1=" " ind2=" " tag="260"><subfield code="a">Bound Brook, N.J. :</subfield><subfield code="b">D.D. Clark</subfield></datafield><datafield ind1=" " ind2=" " tag="300"><subfield code="a">v. :</subfield><subfield code="b">ill.</subfield></datafield><datafield ind1=" " ind2=" " tag="310"><subfield code="a">Weekly</subfield></datafield><datafield ind1="1" ind2=" " tag="362"><subfield code="a">Began in 1901; ceased with Aug. 23, 1946 issue.</subfield><subfield code="z">Cf. Wright, W.C. and Stellhorn, P.A. Direct. of N.J. newspapers.</subfield></datafield><datafield ind1=" " ind2=" " tag="530"><subfield code="a">Also issued on microfilm by Micro-Graphic Corp., Garfield, N.J.</subfield></datafield><datafield ind1=" " ind2=" " tag="588"><subfield code="a">Description based on: Vol. 18, no. 21 (May 24, 1907).</subfield></datafield><datafield ind1=" " ind2=" " tag="752"><subfield code="a">United States</subfield><subfield code="b">New Jersey</subfield><subfield code="c">Somerset</subfield><subfield code="d">Bound Brook.</subfield></datafield><datafield ind1="0" ind2="4" tag="780"><subfield code="t">State centre (Bound Brook, N.J.)</subfield></datafield><datafield ind1="0" ind2="4" tag="780"><subfield code="t">Record (Bound Brook, N.J.)</subfield></datafield><datafield ind1="0" ind2="7" tag="785"><subfield code="t">Bound Brook chronicle (1941)</subfield><subfield code="w">(DLC)sn 85035642</subfield><subfield code="w">(OCoLC)11983448</subfield></datafield><datafield ind1="0" ind2="7" tag="785"><subfield code="t">Bound Brook chronicle, state centre-record</subfield><subfield code="w">(DLC)sn 85035643</subfield><subfield code="w">(OCoLC)11983495</subfield></datafield></record>